<record><leader>00000cas a22000007a 4500</leader><controlfield tag="001">26200048</controlfield><controlfield tag="008">920716c19899999wauwr ne      0    0eng d</controlfield><datafield ind1=" " ind2=" " tag="010"><subfield code="a">sn 92038255 </subfield></datafield><datafield ind1=" " ind2=" " tag="040"><subfield code="a">WAU</subfield><subfield code="b">eng</subfield><subfield code="c">WAU</subfield><subfield code="d">OCLCQ</subfield></datafield><datafield ind1=" " ind2=" " tag="012"><subfield code="i">9207</subfield></datafield><datafield ind1=" " ind2=" " tag="042"><subfield code="a">msc</subfield></datafield><datafield ind1="0" ind2="0" tag="245"><subfield code="a">Whitman County gazette.</subfield></datafield><datafield ind1=" " ind2=" " tag="260"><subfield code="a">Colfax, Wash. :</subfield><subfield code="b">Colfax Pub. Co.</subfield></datafield><datafield ind1=" " ind2=" " tag="300"><subfield code="a">v.</subfield></datafield><datafield ind1=" " ind2=" " tag="310"><subfield code="a">Weekly</subfield></datafield><datafield ind1="0" ind2=" " tag="362"><subfield code="a">Vol. 112, no. 46 (Nov. 16, 1989)-</subfield></datafield><datafield ind1=" " ind2="4" tag="651"><subfield code="a">Colfax (Wash.)</subfield><subfield code="v">Newspapers.</subfield></datafield><datafield ind1=" " ind2=" " tag="752"><subfield code="a">United States</subfield><subfield code="b">Washington</subfield><subfield code="c">Whitman</subfield><subfield code="d">Colfax.</subfield></datafield><datafield ind1="0" ind2="0" tag="780"><subfield code="t">Colfax gazette (Colfax, Wash. : 1958)</subfield><subfield code="w">(DLC)sn 88085458</subfield><subfield code="w">(OCoLC)17401166</subfield></datafield><datafield ind1="1" ind2=" " tag="029"><subfield code="a">AU@</subfield><subfield code="b">000020705147</subfield></datafield></record>